



@article{Hyndman2024,
  author  = {Hyndman, R. J. and Rostami-Tabar, B.},
  title   = {Forecasting Interrupted Time Series},
  journal = {Journal of the Operational Research Society},
  year    = {2024},
  volume  = {76},
  number  = {4},
  pages   = {790--803},
  publisher = {Taylor \& Francis},
  doi     = {10.1080/01605682.2024.2395315},
  url     = {https://doi.org/10.1080/01605682.2024.2395315},
  eprint  = {https://doi.org/10.1080/01605682.2024.2395315}
}


@misc{FTA2025,
  author       = {{Federal Transit Administration}},
  title        = {February 2025 Raw Monthly Ridership (no adjustments or estimates)},
  year         = {2025},
  publisher    = {National Transit Database},
  howpublished = {\url{https://www.transit.dot.gov/ntd/data-product/monthly-module-raw-data-release}},
  note         = {Dataset posted April 1, 2025. Accessed April 22, 2025.}
}

